<record><leader>00000cas a22000007a 4500</leader><controlfield tag="001">30826346</controlfield><controlfield tag="008">940725c19899999vaudn ne      0   a0eng c</controlfield><datafield ind1=" " ind2=" " tag="010"><subfield code="a">sn 94059346 </subfield></datafield><datafield ind1=" " ind2=" " tag="040"><subfield code="a">NVK</subfield><subfield code="b">eng</subfield><subfield code="c">NVK</subfield><subfield code="d">NSD</subfield><subfield code="d">NVK</subfield><subfield code="d">DLC</subfield><subfield code="d">OCLCQ</subfield><subfield code="d">OCLCF</subfield><subfield code="d">OCLCO</subfield><subfield code="d">CUS</subfield></datafield><datafield ind1="1" ind2=" " tag="022"><subfield code="a">1527-5620</subfield><subfield code="l">1527-5620</subfield><subfield code="2">1</subfield></datafield><datafield ind1=" " ind2=" " tag="032"><subfield code="a">148340</subfield><subfield code="b">USPS</subfield></datafield><datafield ind1=" " ind2=" " tag="037"><subfield code="b">Register Pub. Co., 700 Monument St., Danville, VA 24541</subfield></datafield><datafield ind1=" " ind2=" " tag="042"><subfield code="a">pcc</subfield><subfield code="a">nsdp</subfield></datafield><datafield ind1=" " ind2=" " tag="043"><subfield code="a">n-us-va</subfield></datafield><datafield ind1="0" ind2="0" tag="050"><subfield code="a">Newspaper</subfield></datafield><datafield ind1="0" ind2=" " tag="130"><subfield code="a">Danville register &amp; bee (Danville, Va.)</subfield></datafield><datafield ind1=" " ind2="0" tag="222"><subfield code="a">Danville register &amp; bee</subfield><subfield code="b">(Danville, Va.)</subfield></datafield><datafield ind1="0" ind2="0" tag="245"><subfield code="a">Danville register &amp; bee.</subfield></datafield><datafield ind1="3" ind2=" " tag="246"><subfield code="a">Danville register and bee</subfield></datafield><datafield ind1=" " ind2=" " tag="260"><subfield code="a">Danville, Va. :</subfield><subfield code="b">Register Pub. Co.,</subfield><subfield code="c">1989-</subfield></datafield><datafield ind1=" " ind2=" " tag="300"><subfield code="a">v.</subfield></datafield><datafield ind1=" " ind2=" " tag="310"><subfield code="a">Daily</subfield></datafield><datafield ind1="0" ind2=" " tag="362"><subfield code="a">July 1, 1989-</subfield></datafield><datafield ind1=" " ind2=" " tag="530"><subfield code="a">Also available on microfilm from Bell &amp; Howell Information and Learning.</subfield></datafield><datafield ind1=" " ind2=" " tag="580"><subfield code="a">Merger of: Danville register (Danville, Va. : 1896 : Daily), and: Bee (Danville, Va.).</subfield></datafield><datafield ind1=" " ind2="0" tag="651"><subfield code="a">Danville (Va.)</subfield><subfield code="v">Newspapers.</subfield></datafield><datafield ind1=" " ind2="0" tag="651"><subfield code="a">Pittsylvania County (Va.)</subfield><subfield code="v">Newspapers.</subfield></datafield><datafield ind1=" " ind2="7" tag="651"><subfield code="a">Virginia</subfield><subfield code="z">Danville.</subfield><subfield code="2">fast</subfield><subfield code="0">(OCoLC)fst01205159</subfield></datafield><datafield ind1=" " ind2="7" tag="651"><subfield code="a">Virginia</subfield><subfield code="z">Pittsylvania County.</subfield><subfield code="2">fast</subfield><subfield code="0">(OCoLC)fst01210134</subfield></datafield><datafield ind1=" " ind2="7" tag="655"><subfield code="a">Newspapers.</subfield><subfield code="2">fast</subfield><subfield code="0">(OCoLC)fst01423814</subfield></datafield><datafield ind1=" " ind2=" " tag="752"><subfield code="a">United States</subfield><subfield code="b">Virginia</subfield><subfield code="c">Pittsylvania</subfield><subfield code="d">Danville.</subfield></datafield><datafield ind1="1" ind2="4" tag="780"><subfield code="t">Danville register (Danville, Va. : 1896 : Daily)</subfield><subfield code="x">0744-3242</subfield><subfield code="w">(DLC)sn 82001601</subfield></datafield><datafield ind1="1" ind2="4" tag="780"><subfield code="t">Bee (Danville, Va.)</subfield><subfield code="x">0890-0809</subfield><subfield code="w">(DLC)sn 86071569</subfield></datafield><datafield ind1="4" ind2="1" tag="856"><subfield code="u">http://search.ebscohost.com/direct.asp?db=nfh&amp;jid=Danville_Register__amp__Bee__VA_&amp;scope=site</subfield><subfield code="z">Full text: 2006-2009</subfield></datafield><datafield ind1=" " ind2=" " tag="936"><subfield code="a">Mar. 2, 1999 LIC</subfield></datafield><datafield ind1="1" ind2=" " tag="029"><subfield code="a">AU@</subfield><subfield code="b">000011525552</subfield></datafield></record>